<?xml version="1.0" encoding="UTF-8"?>
<!-- Search-Engine-Total-Number-Of-Results: 10 -->
<collection xmlns="http://www.loc.gov/MARC21/slim">
<record>
  <controlfield tag="001">697749</controlfield>
  <datafield tag="024" ind1="7" ind2=" ">
    <subfield code="2">DOI</subfield>
    <subfield code="a">10.1016/j.physletb.2006.01.016</subfield>
  </datafield>
  <datafield tag="035" ind1=" " ind2=" ">
    <subfield code="z">D06-04819</subfield>
    <subfield code="9">DESY</subfield>
  </datafield>
  <datafield tag="035" ind1=" " ind2=" ">
    <subfield code="a">Ambrosino:2005wk</subfield>
    <subfield code="9">SPIRESTeX</subfield>
  </datafield>
  <datafield tag="035" ind1=" " ind2=" ">
    <subfield code="9">arXiv</subfield>
    <subfield code="a">oai:arXiv.org:hep-ex/0511031</subfield>
  </datafield>
  <datafield tag="035" ind1=" " ind2=" ">
    <subfield code="a">2006PhLB..634..148K</subfield>
    <subfield code="9">ADS</subfield>
  </datafield>
  <datafield tag="037" ind1=" " ind2=" ">
    <subfield code="9">arXiv</subfield>
    <subfield code="a">hep-ex/0511031</subfield>
    <subfield code="c">hep-ex</subfield>
  </datafield>
  <datafield tag="245" ind1=" " ind2=" ">
    <subfield code="a">Study of the decay $\phi \to f(0)(980) \gamma \to \pi^+ \pi^- \gamma$ with the KLOE detector</subfield>
  </datafield>
  <datafield tag="710" ind1=" " ind2=" ">
    <subfield code="g">KLOE</subfield>
  </datafield>
</record>