
<record>
  <controlfield tag="001">706004</controlfield>
  <datafield tag="035" ind1=" " ind2=" ">
    <subfield code="a">Aloisio:2005se</subfield>
    <subfield code="9">SPIRESTeX</subfield>
  </datafield>
  <datafield tag="245" ind1=" " ind2=" ">
    <subfield code="a">$|V(us)|$ and rare K(s) decays from KLOE</subfield>
  </datafield>
  <datafield tag="710" ind1=" " ind2=" ">
    <subfield code="g">KLOE</subfield>
  </datafield>
</record>