
<record>
  <controlfield tag="001">705995</controlfield>
  <datafield tag="035" ind1=" " ind2=" ">
    <subfield code="z">Di Micco:2005rv</subfield>
    <subfield code="9">SPIRESTeX</subfield>
  </datafield>
  <datafield tag="035" ind1=" " ind2=" ">
    <subfield code="a">DiMicco:2005stk</subfield>
    <subfield code="9">INSPIRETeX</subfield>
  </datafield>
  <datafield tag="245" ind1=" " ind2=" ">
    <subfield code="a">The $\eta \to \pi^0 \gamma \gamma$, $\eta / \eta^\prime$ mixing angle and the $\eta$ mass measurement at KLOE</subfield>
  </datafield>
  <datafield tag="710" ind1=" " ind2=" ">
    <subfield code="g">KLOE</subfield>
  </datafield>
</record>

</collection>